@Article{grenfell,
   Author="Grenfell, B. T.  and Pybus, O. G.  and Gog, J. R.  and Wood, J. L.  and Daly, J. M.  and Mumford, J. A.  and Holmes, E. C. ",
   Title="{{U}nifying the epidemiological and evolutionary dynamics of pathogens}",
   Journal="Science",
   Year="2004",
   Volume="303",
   Number="5656",
   Pages="327--332",
   Month="Jan"
}
@Article{MEP,
   Author="Drummond, A.J. and Pybus, O.G. and Rambaut, A. and Forsberg, R. and Rodrigo, A. ",
   Title="{{M}easurably evolving populations}",
   Journal="Trends in Ecology \& Evolution",
   Year="2003",
   Volume="18",
   Pages="481-488"
}
@Article{putting,
   Author=" ",
   Title="{{P}hylogeographic information systems: putting the geography into phylogeography}",
   Journal="J. Biogeogr.",
   Year="2006",
   Volume="33",
   Pages="1851–1865"
}
@Article{cancer,
   Author = "Reis, E.A. and Santos, L.B.L. and Pinho, S.T.R.",
   Title = "{A} cellular automata model for avascular solid tumor growth under the effect of therapy",
   Journal = "Physica A Statistical Mechanics and its Applications",
   Year="2009",
   Volume="388",
   Number="7",
   Pages="1303--1314",
 }
@Article{PRE,
   Author="Santos, L. B.  and Costa, M. C.  and Pinho, S. T.  and Andrade, R. F.  and Barreto, F. R.  and Teixeira, M. G.  and Barreto, M. L. ",
   Title="{{P}eriodic forcing in a three-level cellular automata model for a vector-transmitted disease}",
   Journal="Phys Rev E Stat Nonlin Soft Matter Phys",
   Year="2009",
   Volume="80",
   Number="1 Pt 2",
   Pages="016102",
   Month="Jul"
}
@Article{Gavin2004,
   Author="Gavin, A. C.  and Aloy, P.  and Grandi, P.  and Krause, R.  and Boesche, M.  and Marzioch, M.  and Rau, C.  and Jensen, L. J.  and Bastuck, S.  and Dumpelfeld, B.  and Edelmann, A.  and Heurtier, M. A.  and Hoffman, V.  and Hoefert, C.  and Klein, K.  and Hudak, M.  and Michon, A. M.  and Schelder, M.  and Schirle, M.  and Remor, M.  and Rudi, T.  and Hooper, S.  and Bauer, A.  and Bouwmeester, T.  and Casari, G.  and Drewes, G.  and Neubauer, G.  and Rick, J. M.  and Kuster, B.  and Bork, P.  and Russell, R. B.  and Superti-Furga, G. ",
   Title="{{P}roteome survey reveals modularity of the yeast cell machinery}",
   Journal="Nature",
   Year="2006",
   Volume="440",
   Number="7084",
   Pages="631--636",
   Month="Mar"
}
@Article{Pirovani,
   Author="C. P. Pirovani et al.",
   Title="{{K}nowledge discovery in genome database: the chitin metabolic pathway in Crinipellis perniciosa.}",
   Journal="Proceedings of IV Brazilian Symposium on Mathematical and Computational Biology/I International Symposium on Mathematical and
            Computational Biology",
   Year="2005",
   Volume="1",
   Pages="122--139",
}
@Article{Malirat2007,
   Author="Malirat, V.  and de Barros, J. J.  and Bergmann, I. E.  and Campos, R. d. e.  M.  and Neitzert, E.  and da Costa, E. V.  and da Silva, E. E.  and Falczuk, A. J.  and Pinheiro, D. S.  and de Vergara, N.  and Cirvera, J. L.  and Maradei, E.  and Di Landro, R. ",
   Title="{{P}hylogenetic analysis of foot-and-mouth disease virus type {O} re-emerging in free areas of {S}outh {A}merica}",
   Journal="Virus Res.",
   Year="2007",
   Volume="124",
   Number="1-2",
   Pages="22--28",
   Month="Mar"
}
@Article{rate,
   Author="Sangula, A. K.  and Belsham, G. J.  and Muwanika, V. B.  and Heller, R.  and Balinda, S. N.  and Masembe, C.  and Siegismund, H. R. ",
   Title="{{E}volutionary analysis of foot-and-mouth disease virus serotype {S}{A}{T} 1 isolates from east {A}frica suggests two independent introductions from southern {A}frica}",
   journal="BMC Evol. Biol.",
   Year="2010",
   Volume="10",
   Pages="371"
}
@Article{Perez2001,
   Author="Perez, A. M.  and Konig, G.  and Spath, E.  and Thurmond, M. C. ",
   Title="{{V}ariation in the {V}{P}1 gene of foot-and-mouth disease virus serotype {A} associated with epidemiological characteristics of outbreaks in the 2001 epizootic in {A}rgentina}",
   Journal="J. Vet. Diagn. Invest.",
   Year="2008",
   Volume="20",
   Number="4",
   Pages="433--439",
   Month="Jul"
}
@Article{Maradei2013,
   Author="Maradei, E.  and Malirat, V.  and Beascoechea, C. P.  and Benitez, E. O.  and Pedemonte, A.  and Seki, C.  and Novo, S. G.  and Balette, C. I.  and D'Aloia, R.  and La Torre, J. L.  and Mattion, N.  and Toledo, J. R.  and Bergmann, I. E. ",
   Title="{{C}haracterization of a type {O} foot-and-mouth disease virus re-emerging in the year 2011 in free areas of the {S}outhern {C}one of {S}outh {A}merica and cross-protection studies with the vaccine strain in use in the region}",
   Journal="Vet. Microbiol.",
   Year="2013",
   Volume="162",
   Number="2-4",
   Pages="479--490",
   Month="Mar"
}
@Article{Malirat2012A,
   Author="Malirat, V.  and Bergmann, I. E.  and de Mendonca Campos, R.  and Conde, F.  and Quiroga, J. L.  and Villamil, M.  and Salgado, G.  and Ortiz, S. ",
   Title="{{M}olecular epidemiology of foot-and-mouth disease virus type {A} in {S}outh {A}merica}",
   Journal="Vet. Microbiol.",
   Year="2012",
   Volume="158",
   Number="1-2",
   Pages="82--94",
   Month="Jul"
}
@Article{andean,
   Author="Malirat, V.  and Bergmann, I. E.  and Campos, R. d. e.  M.  and Salgado, G.  and Sanchez, C.  and Conde, F.  and Quiroga, J. L.  and Ortiz, S. ",
   Title="{{P}hylogenetic analysis of {F}oot-and-{M}outh {D}isease {V}irus type {O} circulating in the {A}ndean region of {S}outh {A}merica during 2002-2008}",
   Journal="Vet. Microbiol.",
   Year="2011",
   Volume="152",
   Number="1-2",
   Pages="74--87",
   Month="Aug"
}
@article{Carvalho2012,
  Author="{Carvalho, L.M. and Santos, L.B. and Faria, N.R. and Silveira, W.C.}",
  Title="{{P}hylogeography of foot-and-mouth disease virus serotype {O} in {E}cuador}",
  Journal="Infection, Genetics and Evolution",
  Year="2012",
  Volume="13",
  Number="1",
  Pages="77-88",
  Month="Sep"
}
@Article{metabolic,
  Author="{Jeong, Hawoong and Tombor, B{\'a}lint and Albert, R{\'e}ka and Oltvai, Zoltan N and Barab{\'a}si, A-L}",
  Title="{The large-scale organization of metabolic networks}",
  Journal="{Nature}",
  Volume="407",
  Number="6804",
  Pages="651--654",
  Year="2000",
  Publisher="Nature Publishing Group"
}
@Article{Barabasi2004,
   Author="Barabasi, A. L.  and Oltvai, Z. N. ",
   Title="{{N}etwork biology: understanding the cell's functional organization}",
   Journal="Nat. Rev. Genet.",
   Year="2004",
   Volume="5",
   Number="2",
   Pages="101--113",
   Month="Feb"
}
@Article{newman,
   Author="Newman, M. E. ",
   Title="{{F}ast algorithm for detecting community structure in networks}",
   Journal="Phys Rev E Stat Nonlin Soft Matter Phys",
   Year="2004",
   Volume="69",
   Number="6 Pt 2",
   Pages="066133",
   Month="Jun"
}
@Article{surprise1,
   Author="Aldecoa, R.  and Marin, I. ",
   Title="{{D}eciphering network community structure by surprise}",
   Journal="PLoS ONE",
   Year="2011",
   Volume="6",
   Number="9",
   Pages="e24195"
}
@Article{surprise2,
   Author="Arnau, V.  and Mars, S.  and Marin, I. ",
   Title="{{I}terative cluster analysis of protein interaction data}",
   Journal="Bioinformatics",
   Year="2005",
   Volume="21",
   Number="3",
   Pages="364--378",
   Month="Feb"
}

@Article{watts,
  Title="{Collective dynamics of ‘small-world’ networks}",
  Author="{Watts, D.J. and Strogatz S.H.}",
  Journal="{Nature}",
  Volume="393",
  Number="6684",
  Pages="440--442",
  year="1998",
  Publisher="Nature Publishing Group"
}

@Article{guell2012,
  Title="{Assessing the significance of knockout cascades in metabolic networks}",
  Author="{G\"{u}ell, O. and Sagu\'{e}s, F. and Basler, G. and Nikoloski, Z. and Serrano, M.A.}",
  Journal="{J. Comp. Int. Sci.,}",
  Volume="3",
  Number="1-2",
  Pages="45--53",
  year="2012",
  Publisher="Pan-American Association of Computational Interdisciplinary Sciences"
}

@Article{review,
   Author="Dube, C.  and Ribble, C.  and Kelton, D.  and McNab, B. ",
   Title="{{A} review of network analysis terminology and its application to foot-and-mouth disease modelling and policy development}",
   Journal="Transbound Emerg Dis",
   Year="2009",
   Volume="56",
   Number="3",
   Pages="73--85",
   Month="Apr"
}

@Article{cattle,
   Author="Bajardi, P.  and Barrat, A.  and Natale, F.  and Savini, L.  and Colizza, V. ",
   Title="{{D}ynamical patterns of cattle trade movements}",
   Journal="PLoS ONE",
   Year="2011",
   Volume="6",
   Number="5",
   Pages="e19869"
}

@InBook	{Pajek,
     Author = "Batagelj, V. and Mrvar, A.",
     Title ="Pajek analysis and visualization of large networks",
     Publisher ="Springer",
     Year ="2003"
}

@Article{GoesNeto2010,
   Author="Goes-Neto, A.  and Diniz, M. V.  and Santos, L. B.  and Pinho, S. T.  and Miranda, J. G.  and Lobao, T. P.  and Borges, E. P.  and El-Hani, C. N.  and Andrade, R. F. ",
   Title="{{C}omparative protein analysis of the chitin metabolic pathway in extant organisms: a complex network approach}",
   Journal="BioSystems",
   Year="2010",
   Volume="101",
   Number="1",
   Pages="59--66",
   Month="Jul"
}

@Article{Andrade2011,
   Author="Andrade, R. F.  and Rocha-Neto, I. C.  and Santos, L. B.  and de Santana, C. N.  and Diniz, M. V.  and Lobao, T. P.  and Goes-Neto, A.  and Pinho, S. T.  and El-Hani, C. N. ",
   Title="{{D}etecting network communities: an application to phylogenetic analysis}",
   Journal="PLoS Comput. Biol.",
   Year="2011",
   Volume="7",
   Number="5",
   Pages="e1001131",
   Month="May"
}

@Article{clustal,
   Author="Larkin, M. A.  and Blackshields, G.  and Brown, N. P.  and Chenna, R.  and McGettigan, P. A.  and McWilliam, H.  and Valentin, F.  and Wallace, I. M.  and Wilm, A.  and Lopez, R.  and Thompson, J. D.  and Gibson, T. J.  and Higgins, D. G. ",
   Title="{{C}lustal {W} and {C}lustal {X} version 2.0}",
   Journal="Bioinformatics",
   Year="2007",
   Volume="23",
   Number="21",
   Pages="2947--2948",
   Month="Nov"
}

@Article{MEGA,
   Author="Tamura, K.  and Peterson, D.  and Peterson, N.  and Stecher, G.  and Nei, M.  and Kumar, S. ",
   Title="{{M}{E}{G}{A}5: molecular evolutionary genetics analysis using maximum likelihood, evolutionary distance, and maximum parsimony methods}",
   Journal="Mol. Biol. Evol.",
   Year="2011",
   Volume="28",
   Number="10",
   Pages="2731--2739",
   Month="Oct"
}

@Article{antigenic,
   Author="Strohmaier, K.  and Franze, R.  and Adam, K. H. ",
   Title="{{L}ocation and characterization of the antigenic portion of the {F}{M}{D}{V} immunizing protein}",
   Journal="J. Gen. Virol.",
   Year="1982",
   Volume="59",
   Number="Pt 2",
   Pages="295--306",
   Month="Apr"
}

@Manual{R,
    Title = "{R}: A Language and Environment for Statistical Computing",
    Author = "{R} Core Team",
    Organization = "{R} Foundation for Statistical Computing",
    Address = "Vienna, Austria",
    Year = "2013",
    Note = "{ISBN} 3-900051-07-0",
    Url = "http://www.R-project.org/",
}

@Article{mixing,
  Title={{M}ixing patterns in networks},
  author={Newman, Mark EJ},
  Journal={Physical Review E},
  Volume={67},
  Number={2},
  Pages={026126},
  Year={2003},
  Publisher={APS}
}

@Article{assort,
  Title={Assortative mixing in networks},
  Author={Newman, Mark EJ},
  Journal={Physical review letters},
  Volume={89},
  Number={20},
  Pages={208701},
  Year={2002},
  Publisher={APS}
}

@Article{reticulateFMDV,
   Author="von Haeseler, A.  and Churchill, G. A. ",
   Title="{{N}etwork models for sequence evolution}",
   Journal="J. Mol. Evol.",
   Year="1993",
   Volume="37",
   Number="1",
   Pages="77--85",
   Month="Jul"
}
@Article{nsel,
   Author="Balinda, S. N.  and Sangula, A. K.  and Heller, R.  and Muwanika, V. B.  and Belsham, G. J.  and Masembe, C.  and Siegismund, H. R. ",
   Title="{{D}iversity and transboundary mobility of serotype {O} foot-and-mouth disease virus in {E}ast {A}frica: implications for vaccination policies}",
   Journal="Infect. Genet. Evol.",
   Year="2010",
   Volume="10",
   Number="7",
   Pages="1058--1065",
   Month="Oct"
}